@online{split_doc,
author = {},
title = {Spliterator},
year = {2017},
url = {https://docs.oracle.com/javase/8/docs/api/java/util/Spliterator.html},
subtitle = {Java SE 8},
titleaddon = {Oracle Help Center},
version = {8},
organization = {Oracle},
}

@online{collector_doc,
author = {},
title = {Collector},
year = {2017},
url = {https://docs.oracle.com/javase/8/docs/api/java/util/Collector.html},
subtitle = {Java SE 8},
titleaddon = {Oracle Help Center},
version = {8},
organization = {Oracle},
}

@online{reduc_doc,
author = {},
title = {Reduction},
year = {2017},
url = {https://docs.oracle.com/javase/tutorial/collections/streams/reduction.html},
subtitle = {The Java™ Tutorials},
version = {8},
organization = {Oracle},
}

@online{collectors_doc,
author = {},
title = {Collectors},
year = {2017},
url = {https://docs.oracle.com/javase/8/docs/api/java/util/stream/Collectors.html},
subtitle = {Java Platform SE 8},
titleaddon = {Oracle Help Center},
version = {8},
organization = {Oracle},
}

@online{parallelism_doc,
author = {},
title = {Parallelism},
year = {2017},
url = {https://docs.oracle.com/javase/tutorial/collections/streams/parallelism.html},
subtitle = {The Java™ Tutorials},
version = {8},
organization = {Oracle},
}

@online{ibm_uh_3,
author = {Brian Goetz},
title = {Streams under the hood},
year = {2016},
url = {https://www.ibm.com/developerworks/library/j-java-streams-3-brian-goetz/index.html},
subtitle = {Java Streams, Part 3},
titleaddon = {Understand java.util.stream internals},
version = {8},
organization = {IBM},
month = {2},
}

@online{dzone_dangers,
author = {Lucas Krecan},
title = {Think Twice Before Using Java 8 Parallel Streams},
year = {2014},
url = {https://dzone.com/articles/think-twice-using-java-8},
organization = {DZone},
month = {2},
}

@online{dzone_fjp,
author = {Dan Newton},
title = {Common Fork Join Pool and Streams},
year = {2017},
url = {https://dzone.com/articles/common-fork-join-pool-and-streams},
organization = {DZone},
month = {2},
}

@online{custom_collector,
author = {Tomasz Nurkiewicz},
title = {Introduction to Writing Custom Collectors in Java 8},
year = {2014},
url = {http://www.nurkiewicz.com/2014/07/introduction-to-writing-custom.html},
organization = {Tomasz Nurkiewicz around Java and Concurrency},
month = {7},
}